@Article{
		nomarticle,
		author		=	"Auteur1",
		title		=	"Titre1",
		year		=	1942
		
	}

@Book	{
		nombook,
		author		=	"Auteur2",
		title		=	"Titre2",
		year		=	1943
	}
